@article{esteves17_learn_so_equiv_repres_with_spher_cnns,
  author = {Esteves, Carlos and Allen-Blanchette, Christine and Makadia, Ameesh and Daniilidis, Kostas},
  title = {Learning SO(3) Equivariant Representations With Spherical Cnns},
  journal = {CoRR},
  year = {2017},
  url = {http://arxiv.org/abs/1711.06721},
  archivePrefix = {arXiv},
  eprint = {1711.06721},
  primaryClass = {cs.CV},
}